@MANUAL{Schiller-ea1999,
  AUTHOR = {Schiller, Anne and Teufel, Simone and Stöckert, Christine and Thielen, Christine},
  LOCATION = {Stuttgart and Tübingen},
  ORGANIZATION = {Institut für maschinelle Sprachverarbeitung, Universität Stuttgart and Institut für Sprachwissenschaft, Universität Tübingen},
  DATE = {1999-08},
  TITLE = {{Guidelines für das Tagging deutscher Textkorpora mit STTS (kleines und gro{ß}es Tagset)}},
}

@INPROCEEDINGS{MuellerSchmidSchuetze2013,
  AUTHOR = {Müller, Thomas and Schmid, Helmut and Schütze, Hinrich},
  LOCATION = {Seattle, Washington, USA},
  PUBLISHER = {Association for Computational Linguistics},
  URL = {http://www.aclweb.org/anthology/D13-1032},
  BOOKTITLE = {Proceedings of the 2013 Conference on Empirical Methods in Natural Language Processing},
  DATE = {2013-10},
  PAGES = {322--332},
  TITLE = {Efficient Higher-Order {CRFs} for Morphological Tagging},
}

@INPROCEEDINGS{FinkelGrenagerManning2005,
  AUTHOR = {Finkel, Jenny Rose and Grenager, Trond and Manning, Christopher},
  PUBLISHER = {Association for Computational Linguistics},
  BOOKTITLE = {Proceedings of the 43nd Annual Meeting of the Association for Computational Linguistics (ACL 2005)},
  DATE = {2005},
  PAGES = {363--370},
  TITLE = {Incorporating Non-local Information into Information Extraction Systems by {Gibbs} Sampling},
}

@INPROCEEDINGS{PetrovKlein2007,
  AUTHOR = {Petrov, Slav and Klein, Dan},
  LOCATION = {Rochester, New York},
  PUBLISHER = {Association for Computational Linguistics},
  BOOKTITLE = {Human Language Technologies 2007: The Conference of the North American Chapter of the Association for Computational Linguistics; Proceedings of the Main Conference},
  DATE = {2007-04},
  PAGES = {404--411},
  TITLE = {Improved Inference for Unlexicalized Parsing},
}

@INPROCEEDINGS{CheungPenn2009,
  AUTHOR = {Cheung, Jackie Chi Kit and Penn, Gerald},
  LOCATION = {Suntec, Singapore},
  PUBLISHER = {Association for Computational Linguistics},
  BOOKTITLE = {Proceedings of the Joint Conference of the 47th Annual Meeting of the ACL and the 4th International Joint Conference on Natural Language Processing of the AFNLP},
  DATE = {2009-08},
  PAGES = {64--72},
  TITLE = {Topological Field Parsing of German},
}

@REPORT{Telljohann-ea2012,
  AUTHOR = {Telljohann, Heike and Hinrichs, {Erhard W.} and Kübler, Sandra and Zinsmeister, Heike and Beck, Kathrin},
  INSTITUTION = {Universität Tübingen Seminar für Sprachwissenschaft},
  DATE = {2012},
  TITLE = {Stylebook for the Tübingen Treebank of Written German (TüBa-D/Z)},
  TYPE = {techreport},
}

@BOOK{Biber1988,
  AUTHOR = {Biber, Douglas},
  LOCATION = {Cambridge},
  PUBLISHER = {Cambridge University Press},
  URL = {http://www.loc.gov/catdir/toc/cam023/87038213.html},
  ANNOTATION = {LDR 01066pam 2200289 a 4500 001 4315225 005 20020903100646.0 008 871229s1988 enka b 001 0 eng 035 $9(DLC) 87038213 906 $a7$bcbc$corignew$d1$eocip$f19$gy-gencatlg 010 $a 87038213 020 $a0521320712 (U.S.) 040 $aDLC$cDLC$dDLC 050 00 $aP120.V37$bB54 1988 082 00 $a001.54$219 100 1 $aBiber, Douglas. 245 10 $aVariation across speech and writing /$cDouglas Biber. 260 $aCambridge [England] ;$aNew York :$bCambridge University Press,$c1988. 300 $axiii, 299 p. :$bill. ;$c24 cm. 504 $aBibliography: p. 280-291. 500 $aIncludes index. 650 0 $aLanguage and languages$xVariation. 650 0 $aOral communication. 650 0 $aWritten communication. 856 41 $3Table of contents$uhttp://www.loc.gov/catdir/toc/cam023/87038213.html 856 42 $3Publisher description$uhttp://www.loc.gov/catdir/description/cam023/87038213.html 991 $bc-GenColl$hP120.V37$iB54 1988$p00006034214$tCopy 1$wBOOKS HU ZwB Campus Nord i EG / Raum 0.25-0.27 - Freihandbestand HF 113 B581},
  DATE = {1988},
  ISBN = {0521320712 (U.S.)},
  TITLE = {Variation across speech and writing},
}

@BOOK{Biber1995,
  AUTHOR = {Biber, Douglas},
  LOCATION = {Cambridge},
  PUBLISHER = {Cambridge University Press},
  URL = {http://www.loc.gov/catdir/toc/cam023/94017041.html},
  DATE = {1995},
  ISBN = {0521473314 (hardback)},
  TITLE = {Dimensions of register variation: a cross-linguistic comparison},
}

@INPROCEEDINGS{KarlgrenCutting1994,
  AUTHOR = {Karlgren, Jussi and Cutting, Douglass},
  BOOKTITLE = {Proceedings of COLING 94},
  DATE = {1994},
  PAGES = {1071--1075},
  TITLE = {Recognizing text genres with simple metrics using discriminant analysis},
}

@ARTICLE{EgbertBiberDavis2015,
  AUTHOR = {Egbert, Jesse and Biber, Douglas and Davies, Mark},
  URL = {http://dx.doi.org/10.1002/asi.23308},
  DATE = {2015},
  DOI = {10.1002/asi.23308},
  ISSN = {2330-1643},
  JOURNALTITLE = {Journal of the Association for Information Science and Technology},
  KEYWORDS = {discourse analysis,linguistic analysis,classification},
  NUMBER = {9},
  PAGES = {1817--1831},
  TITLE = {Developing a bottom-up, user-based method of web register classification},
  VOLUME = {66},
}

@INCOLLECTION{Dimeola2009,
  AUTHOR = {{Di Meola}, Claudio},
  EDITOR = {Konopka, Marek and Strecker, Bruno},
  LOCATION = {Berlin etc.},
  PUBLISHER = {de Gruyter},
  BOOKTITLE = {Deutsche Grammatik - Regeln, Normen, Sprachgebrauch},
  DATE = {2009},
  PAGES = {195--221},
  TITLE = {Rektionsschwankungen bei Präpositionen - erlaubt, verboten, unbeachtet},
}

@COMMENT{-*- coding: utf-8 -*-}
@COMMENT{BibDesk Static Groups{ <?xml version="1.0" encoding="UTF-8"?> <!DOCTYPE plist PUBLIC "-//Apple//DTD PLIST 1.0//EN" "http://www.apple.com/DTDs/PropertyList-1.0.dtd"> <plist version="1.0"> <array> <dict> <key>group name</key> <string>CL-Textsorten</string> <key>keys</key> <string>Dehmer-ea2006,Petrenz2012,Sebastiani2002,Sebastiani2005,Rehm2002,PoudatCleuziouClavier2006,Rehm2008,Stamatatos-ea2000,KesslerNunbergSchuetze1997,LeeMyaeng2002,FinnKushmerick2006,FreundClarkToms2006,Rehm2005,FerizisBailey2006,Rehm2006,KarlgrenCutting1994</string> </dict> <dict> <key>group name</key> <string>Grundkurs</string> <key>keys</key> <string>Meibauer2007,Luedeling2009,Linke-ea2004</string> </dict> <dict> <key>group name</key> <string>HPSG-HU</string> <key>keys</key> <string>GinzburgSag2000,SWB2003,PS94,HN94a,Mueller2013a,Pullum2007,SagWasow2007,Bildhauer2014,MuellerLehrbuch3,BondiScott-ed2010,Scott2010,StefanowitschFischer-2008ed,Stefanowitsch2008</string> </dict> <dict> <key>group name</key> <string>Textsorten-Genres-Register</string> <key>keys</key> <string>Mackeldey1990,Grosse1976,FandrychThurmair2011,Janich-ed2008,HallidayHasan1985,Stamatatos-ea2000,HSK-16_1,FixHabscheidKlein-ed2007,Isenberg1970,PoudatCleuziouClavier2006,BeaugrandeDressler1981,Dimter1981,Mistrik1973,BiberFinegan1994,BiberConrad2009,Heinemann1990,Brinker2014,KarlgrenCutting1994,GuelichRaible-ed1972,Habscheid2011,HagemannSager-ed2003,MehlerSharoffSantini-ed2010,Vater2005,Rolf1993,Diewald1991,Biber1988,GanselJuergens2009,Dehmer-ea2006,Sebastiani2005,Franke1987,Swales1990,Lee2001,HeinemannViehweger1991,Trosborg1997,Stede2007,Adamzik2008,HausendorfKesselheim2008,Paltridge1995,Heinemann2000b</string> </dict> </array> </plist> }}
@COMMENT{BibDesk Smart Groups{ <?xml version="1.0" encoding="UTF-8"?> <!DOCTYPE plist PUBLIC "-//Apple//DTD PLIST 1.0//EN" "http://www.apple.com/DTDs/PropertyList-1.0.dtd"> <plist version="1.0"> <array> <dict> <key>conditions</key> <array> <dict> <key>comparison</key> <integer>2</integer> <key>key</key> <string>Author</string> <key>value</key> <string>Bildhauer</string> <key>version</key> <string>1</string> </dict> </array> <key>conjunction</key> <integer>0</integer> <key>group name</key> <string>Bildhauer</string> </dict> </array> </plist> }}
