
@inproceedings{SchaeferBildhauer2012,
	Address = {Istanbul},
	Author = {Roland Sch{\"a}fer and Felix Bildhauer},
	Booktitle = {Proceedings of the Eighth International Conference on Language Resources and Evaluation {(LREC '12)} International Conference on Language Resources and Evaluation ({LREC 12})},
	Date-Modified = {2018-11-04 19:27:41 +0100},
	Editor = {Nicoletta Calzolari (Conference Chair) and Khalid Choukri and Thierry Declerck and Mehmet U{\u g}ur Do{\u g}an and Bente Maegaard and Joseph Mariani and Asuncion Moreno and Jan Odijk and Stelios Piperidis},
	Pages = {486--493},
	Publisher = {European Language Resources Association (ELRA)},
	Title = {Building Large Corpora from the Web Using a New Efficient Tool Chain},
	Year = {2012}}

@inproceedings{SchaeferEa2013,
	Address = {Lancaster},
	Author = {Roland Sch{\"a}fer and Adrien Barbaresi and Felix Bildhauer},
	Booktitle = {Proceedings of the 8th Web as Corpus Workshop ({WAC-8})},
	Date-Modified = {2018-05-27 15:13:33 +0000},
	Doi = {10.3115/v1/w14-0402},
	Editor = {Stefan Evert and Egon Stemle and Paul Rayson},
	Pages = {7--15},
	Publisher = {SIGWAC},
	Title = {The Good, the Bad, and the Hazy: design Decisions in Web Corpus Construction},
	Year = {2013},
	Bdsk-Url-1 = {http://rolandschaefer.net/?p=78}}


@article{Hentschel1993,
	Author = {Elke Hentschel},
	Date-Modified = {2017-03-17 12:23:09 +0000},
	Doi = {10.1515/9783111566658.17},
	Journal = {Zeitschrift f{\"u}r Germanistische Linguistik},
	Number = {3},
	Owner = {user},
	Pages = {320--333},
	Timestamp = {2013.04.29},
	Title = {{F}lexionsverfall im {D}eutschen? {D}ie {K}asusmarkierung bei partitiven {G}enitiv-{A}ttributen},
	Volume = {21},
	Year = {1993}}

@article{Schaefer2018,
	Author = {Roland Sch{\"a}fer},
	Date-Added = {2017-09-22 10:13:53 +0000},
	Date-Modified = {2018-11-24 13:45:26 +0100},
	Doi = {10.1515/cog-2017-0050},
	Journal = {Cognitive Linguistics},
	Number = {4},
	Pages = {729--771},
	Title = {Abstractions and exemplars: the measure noun phrase alternation in {G}erman},
	Volume = {29},
	Year = {2018}}


@article{Zimmer2015,
	Author = {Christian Zimmer},
	Date-Added = {2017-02-20 19:55:23 +0000},
	Date-Modified = {2017-02-20 19:56:36 +0000},
	Doi = {10.1515/bgsl-2015-0001},
	Journal = {Beitr{\"a}ge zur Geschichte der deutschen Sprache und Literatur},
	Number = {1},
	Pages = {1--41},
	Title = {Bei einem {G}las guten {W}ein(es): {D}er {A}bbau des partitiven {G}enitivs und seine {R}eflexe im {G}egenwartsdeutschen},
	Volume = {137},
	Year = {2015}}

